@online {wiki:orm,
  title   = "Object-relational mapping",
  url     = "https://en.wikipedia.org/wiki/Object-relational_mapping",
  urldate = "2014-12-10"
}

@online {wiki:dml,
  title   = "Data manipulation language",
  url     = "https://en.wikipedia.org/wiki/Data_manipulation_language",
  urldate = "2014-12-10"
}

@online {wiki:ddl,
  title   = "Data definition language",
  url     = "https://en.wikipedia.org/wiki/Data_definition_language",
  urldate = "2014-12-10"
}

@online {wiki:schema,
  title   = "Database schema",
  url     = "https://en.wikipedia.org/wiki/Database_schema",
  urldate = "2014-12-10"
}

@online {wiki:code-cov,
  title   = "Code coverage",
  url     = "https://en.wikipedia.org/wiki/Code_coverage",
  urldate = "2014-12-10"
}

@online {wiki:ci,
  title   = "Continuous integration",
  url     = "https://en.wikipedia.org/wiki/Continuous_integration",
  urldate = "2014-12-10"
}